3775 6117
251 218 394 286 10⁶⁹
1032 225 1275 291 amsT.
1318 226 1422 292 An
1461 229 1645 296 nou.
1680 228 2142 314 nononnun,
2166 239 2386 304 cino.
2417 238 2739 306 nuum.
3388 232 3527 304 ιοιο

243 335 396 393 '‘m‘’
423 347 592 393 ΜΝ)
620 342 710 395 0⁸⁸
739 339 837 411 ‘iu‘
871 340 1106 414 ῖὸὓθῗθῑ·
1146 342 1285 401 Νὸῑΰ
1317 347 1450 416 (inid
1499 362 1657 407 811101·
1699 348 1834 408 θῦε·-
1863 360 1911 416 A
1942 364 2089 413 recta
2144 356 2374 416 minime
2427 355 2548 415 fleri
2597 364 2802 430 potest.
2832 351 3102 423 Quocirca
3136 364 3242 409 nec
3291 348 3347 407 td
3390 363 3527 408 sane

244 434 363 485 ΟΝ
387 468 403 492 .
433 426 568 500 (Ιῦῑᾶ
615 427 1001 490 Μ’·ΜΟΙΘΜῙἎ
1046 433 1283 508 fl³ssst³¹v
1307 438 1565 511 3800121'0
1605 440 1839 498 ”lustum
1944 448 2333 522 negligendum
2365 464 2492 507 esse
2517 448 2708 508 censui
2742 468 2757 506 ε
2788 445 2938 521 quod
2963 444 3187 519 quidem
3224 440 3372 500 haud
3410 456 3527 498 mc-

245 518 476 579 hebetis
507 537 665 592 sane,
699 524 935 582 nimium
967 528 1222 586 vecordis
1263 530 1505 587 hominis
1538 545 1661 590 esse
1705 548 1842 591 con·
1946 541 2211 600 «ἥσω-ηρ,
2241 542 2362 599 ⁸5³0
2394 541 2571 599 duffio
2598 539 2762 599 ηοω.
2796 537 3048 598 confere*
3073 535 3144 594 ,d
3175 532 3234 593 jd
3264 534 3333 591 ,d
3375 528 3526 604 qnod

248 620 383 669 ⁸⁸²¹·
412 612 482 669 Εἰ
510 612 565 669 id
589 616 737 686 quoa
779 618 1181 679 benevolentiae
1209 624 1351 681 mio
1370 623 1641 697 postulat.
1692 626 1843 699 quod
1948 633 2175 691 madere
2199 632 2574 707 maximopere
2600 631 2878 706 cupimus.
2908 627 3239 692 Aristotelis,
3271 626 3523 698 inquam.

252 716 288 761 ⁶
319 705 646 811 β”,ωῗᾶῆε
674 707 885 765 ’mais
906 712 1145 786 ‘¹¹¹0'ssst
1169 714 1452 788 ”0813821’0
1485 715 1847 788 posthabere-
1948 722 2101 782 itlius
2128 725 2306 782 nostri
2350 722 2796 798 praestantissimi
2850 719 3167 795 philosophi
3217 715 3533 786 summique

253 808 366 865 *tue
388 809 515 866 egus
538 809 624 854 est
653 797 928 869 profecto,
982 805 1072 861 cui
1112 819 1203 861 re·
1231 804 1425 862 eadem
1459 806 1640 878 9¹⁸⁰<st
1679 816 1844 879 3111118
1947 815 2180 874 artificis
2200 830 2371 889 opera
2394 816 2664 874 nonnulla
2688 816 2966 874 bonorum
2995 813 3244 872 omnium
3268 808 3386 867 sota
3407 821 3535 864 meu

251 900 365 994 ”⁰⁰¹¹
423 888 635 960 9¹⁸⁰⁰¹0
669 892 884 965 quiquo
920 895 1181 953 maximis
1212 898 1270 954 in
1319 898 1486 956 rebus
1523 897 1850 956 honestissi-
1941 904 2157 977 judicio
2198 907 2398 970 fontes.
2432 908 2583 967 unde
2641 907 2770 967 fluis
2799 908 3079 965 humanus
3118 912 3363 967 emanat.
3420 900 3535 958 ele-

253 995 473 1053 ”ffllue
525 992 721 1086 891)ῑο
774 995 973 1058 *Ρθῐῑῑθ
1015 988 1313 1063 ‘'fluminu-
1373 989 1587 1050 0m5¹¹⁰
1644 1000 1849 1049 mutua
1948 1000 2170 1072 gantius
2216 1017 2366 1058 nunc
2416 1000 2707 1060 traducere
2762 1000 2975 1073 tibique
3028 998 3232 1055 offerre
3280 1012 3297 1051 ε
3332 992 3404 1049 ab
3461 1006 3533 1050 eo

254 1069 659 1129 mmmmm*
697 1076 986 1148 'mumque
1028 1081 1239 1138 ’¹⁰⁰¹'ss
1268 1082 1467 1140 “²⁶³¹ss
1489 1081 1726 1157 inmitte
1757 1097 1848 1138 ¹¹0·
1950 1094 2299 1166 potissimum
2346 1095 2509 1153 initio
2540 1102 2789 1167 sumpto,
2845 1107 2961 1166 quo
2988 1090 3222 1150 scientia
3254 1087 3324 1145 de
3351 1085 3537 1144 anima

255 1162 405 1221 ferre
431 1167 678 1237 :quibus
725 1171 771 1227 si
821 1171 1098 1243 quispiam
1149 1174 1336 1247 quoad
1365 1176 1517 1233 vires
1543 1184 1849 1249 suppetunt
1953 1185 2212 1244 traditur.
2237 1185 2358 1256 Qua
2384 1187 2550 1259 plane
2578 1202 2691 1244 non
2724 1184 2895 1244 modo
2917 1192 3248 1243 ceterorum
3284 1178 3535 1237 omnium

254 1257 410 1318 haud
469 1263 827 1334 respondeat,
855 1266 1272 1339 ingratitudinis
1294 1267 1569 1352 obnoxius
1589 1268 1853 1341 iniquita-
1951 1277 2339 1346 animantium,
2412 1277 2511 1335 sed
2556 1287 2807 1335 nostrum
2855 1276 3024 1333 etiam
3053 1269 3405 1331 exactissime
3442 1283 3542 1326 na·

256 1354 398 1411 tisve
423 1354 648 1412 crimini
677 1373 786 1413 nnn
818 1358 1018 1431 iniuria
1061 1359 1231 1417 fuerit
1259 1378 1275 1416 ε
1307 1375 1338 1417 u
1365 1360 1569 1431 quihus
1607 1359 1848 1418 humana
1952 1377 2156 1437 turam,
2214 1368 2578 1454 humanaque
2628 1367 2911 1427 felicitatis
2970 1363 3267 1437 originem,
3319 1374 3541 1426 causas.

256 1447 513 1519 probitas
563 1450 904 1525 ingenuique
941 1467 1126 1509 mores
1164 1454 1513 1527 potissimum
1545 1453 1850 1511 abhorrere
1950 1460 2227 1535 principia
2278 1460 2572 1533 fontesque
2619 1459 2909 1533 percipere
2955 1468 3275 1529 possumus.
3308 1452 3449 1509 Nam
3481 1458 3545 1508 ut

254 1538 540 1598 videntur.
567 1540 650 1599 Tu
673 1542 800 1600 vit-e
823 1544 990 1601 talem
1015 1553 1203 1603 tenere
1227 1544 1603 1617 pulcherrime
1624 1560 1849 1604 cursum
1953 1561 2009 1609 te
2047 1566 2159 1609 non
2193 1552 2792 1623 proeterlt..utrumque
2837 1564 2986 1607 cur-e
3043 1562 3153 1603 non
3192 1542 3399 1616 injuria
3442 1553 3546 1597 no-

257 1632 575 1704 iustituisti,
630 1646 692 1692 ut
712 1636 1035 1697 domesticis
1059 1638 1229 1697 rebus
1252 1639 1686 1698 familiaribusve
1708 1639 1849 1698 bene
1955 1642 2043 1701 bis
2065 1657 2191 1701 esse
2221 1659 2238 1699 ι
2269 1657 2374 1700 nos
2414 1643 2530 1715 jam
2568 1642 2663 1699 diu
2694 1640 2994 1699 statuimus
3041 1655 3058 1695 z
3098 1650 3283 1695 renim
3316 1634 3543 1706 inquam

255 1723 525 1798 lauteque
558 1726 846 1799 dispositis
886 1731 1086 1803 partim
1130 1730 1460 1803 amplissimi
1495 1709 1927 1803 magistratus·B
1952 1737 2207 1796 notitiam
2255 1757 2272 1794 ι
2317 1743 2429 1792 tam
2475 1748 2673 1791 earum
2725 1749 2853 1805 qua
2896 1730 3108 1789 nullius
3152 1736 3323 1801 egent
3357 1738 3546 1798 opera

258 1815 446 1875 officio
476 1834 816 1892 munereque
841 1820 1062 1879 caeteris
1081 1822 1406 1881 hominibus
1423 1825 1575 1881 vivas
1607 1821 1848 1894 tpartim
1953 1837 2159 1888 nostra
2202 1848 2218 1887 ι
2255 1842 2424 1902 quam
2475 1840 2671 1885 earum
2703 1839 2945 1899 quarum
2986 1836 3092 1881 nos
3142 1828 3400 1878 auctores
3446 1830 3541 1875 su·

261 1910 322 1969 iu
346 1910 661 1969 litterarum
702 1913 803 1971 tibi
842 1914 1045 1971 studiis
1074 1913 1453 1989 doctrinisque
1489 1915 1853 1975 nobilissimis
1953 1936 2079 1979 mus
2106 1936 2380 1994 :queque
2398 1918 2503 1982 snb
2524 1926 2802 1991 potestate
2832 1925 3028 1974 nostra
3052 1921 3188 1972 sunt
3214 1911 3538 1971 collocate:

257 2003 598 2071 satisfacias.
651 2016 943 2079 utramque
989 2022 1264 2066 summam
1312 2009 1536 2068 vivendi
1577 2010 1850 2068 rationem
1952 2025 2012 2073 οι
2032 2015 2365 2088 elegantiam
2391 2012 2597 2085 tingue
2625 2029 2642 2071 t
2673 2008 2897 2071 dicendi
2919 2008 3193 2067 rationem
3221 2023 3238 2063 τ
3262 2004 3541 2064 delectum

259 2096 608 2170 complexus.
637 2097 696 2155 ln
729 2115 840 2172 qua
877 2099 979 2157 tibi
1017 2115 1108 2159 me
1147 2114 1372 2174 quoque
1394 2101 1652 2160 comitem
1686 2110 1852 2173 atque
1952 2108 2251 2166 verborum
2282 2124 2297 2163 ε
2330 2114 2616 2174 ornatum,
2652 2110 3004 2163 venustatem
3041 2115 3109 2158 ac
3134 2096 3354 2170 copiam
3383 2113 3401 2154 t
3431 2108 3547 2166 quo

259 2190 478 2248 socium
506 2190 752 2248 ascivisti
779 2208 796 2249 ε
826 2206 937 2249 non
968 2193 1178 2252 inscius
1197 2191 1380 2251 studia
1405 2194 1609 2267 quibus
1637 2193 1853 2255 incmn·
1956 2214 2053 2258 res
2079 2197 2490 2271 sententiaque
2527 2196 2763 2255 dictioni
2797 2212 2815 2253 t
2844 2203 2904 2254 et
2934 2192 3108 2253 rebus
3142 2187 3548 2260 sententiisque

262 2283 452 2343 bimus
485 2285 818 2358 expeditius,
839 2287 1092 2344 exactius
1122 2286 1228 2344 hoc
1251 2298 1416 2360 pacto
1440 2288 1708 2349 meliusve
1729 2289 1850 2349 lieri
1954 2290 2128 2349 dictio
2158 2289 2233 2349 sit
2252 2289 2590 2348 conveniens
2613 2296 2782 2360 atque
2802 2284 3240 2348 accommodata.
3295 2280 3344 2340 si
3367 2275 3552 2337 sensi!

265 2392 458 2451 posse.
504 2375 622 2451 Ego
654 2378 749 2452 qui
803 2394 895 2437 res
946 2394 1145 2438 omnes
1177 2378 1469 2451 humanas,
1490 2382 1705 2454 optimo
1743 2381 1853 2440 fiae
1953 2383 2271 2442 orationes:
2293 2398 2453 2443 sensa
2475 2381 2646 2440 rebus
2660 2374 3129 2441 accommodanda
3151 2376 3288 2439 sint,
3343 2378 3406 2430 ut
3430 2377 3548 2427 tum

262 2472 505 2541 subiato,
535 2486 708 2528 vanas
749 2486 874 2529 esse
951 2472 1114 2530 nihili
1162 2472 1590 2546 pendendasque
1631 2488 1854 2547 semper
1953 2478 2202 2549 ipsorum
2227 2474 2373 2534 ratio
2403 2484 2712 2548 naturaque
2739 2515 2757 2541 .
2786 2480 2906 2531 tum
2927 2468 3211 2529 institutio
3232 2465 3550 2538 sapientum

266 2565 457 2637 putavi
487 2581 503 2621 t
539 2565 705 2636 cuius
749 2562 841 2619 ilia
869 2564 1146 2622 sententia
1177 2573 1447 2638 perpetua
1489 2564 1596 2624 fuit
1629 2566 1853 2624 tho-i·
1954 2567 2241 2626 hominum
2260 2565 2767 2640 expetit.emassitat
2786 2574 2953 2639 atque
2968 2557 3378 2636 exposcit.Non
3400 2554 3551 2612 enim

265 2677 396 2718 nem
436 2661 731 2733 utriusque
771 2661 900 2719 vitae
944 2662 1218 2720 rationem
1253 2664 1600 2735 complexum
1632 2663 1854 2722 :ocutis
1953 2661 1994 2719 ii
2025 2661 2193 2721 nobis
2247 2671 2309 2717 ut
2339 2661 2683 2734 exemplaria
2736 2658 2854 2718 sint
2892 2652 3238 2730 proponendi
3284 2647 3426 2722 tqui
3467 2644 3552 2703 vel

266 2755 519 2827 utrisque
580 2753 811 2827 predita
846 2756 1068 2828 corpori
1099 2771 1116 2812 t
1145 2764 1425 2813 carentem
1464 2756 1637 2814 altera
1670 2754 1847 2824 lusco,
1954 2759 2157 2811 ornatu
2187 2751 2490 2810 verborum
2544 2756 2781 2808 utuntur
2810 2747 2934 2805 sine
2965 2744 3163 2804 notitia
3192 2754 3378 2800 rerum
3418 2753 3435 2794 t
3462 2733 3552 2799 vet

267 2846 655 2921 praestantiore
708 2847 906 2907 dextro
943 2856 1168 2920 aspectu
1223 2865 1241 2905 ε
1274 2846 1536 2907 inferiore
1570 2848 1799 2906 sinistro
1831 2864 1849 2906 ε
1953 2846 2188 2906 scientia
2216 2844 2434 2917 praediti
2458 2852 2611 2905 sunt.
2659 2839 2784 2899 sine
2822 2837 3023 2913 peritia
3049 2832 3283 2894 rationis
3305 2824 3551 2889 dicendi·

269 2951 555 3014 expertem
588 2942 877 3012 utriusque
907 2956 1055 2998 caeco
1088 2940 1312 3013 penitus
1342 2942 1682 3015 persimilem
1705 2956 1849 3000 esse.
1955 2937 2194 3012 insignis
2246 2933 2497 3008 profecto
2541 2930 2905 3005 turpitudinis
2954 2935 3043 2987 est
3093 2934 3416 2995 utrumque.
3440 2927 3553 2975 ²⁸⁸⁸

267 3032 371 3091 Cui
414 3031 607 3105 religio
640 3032 983 3090 sanctissima
1028 3041 1240 3102 nostra,
1279 3033 1440 3091 nobis
1481 3033 1666 3092 oblata
1710 3032 1850 3092 divi·
1884 3054 1933 3117 c
1960 3044 2105 3087 vane
2136 3043 2304 3102 qnam
2363 3040 2534 3100 prave
2571 3024 2751 3098 loqui.
2798 3031 3116 3096 quanquam
3165 3015 3427 3076 alterum.
3463 3006 3556 3065 Vel

271 3126 448 3195 nitus,
502 3127 610 3183 hac
652 3140 876 3199 quoque
909 3126 1123 3184 ratione
1165 3125 1317 3198 quod
1360 3135 1688 3199 perornatos
1729 3141 1862 3199 per·
1970 3122 2309 3196 impotentia
2355 3119 2506 3178 forte
2552 3116 2800 3183 fortuna.
2844 3112 2932 3171 vel
2980 3106 3244 3184 segnitiei
3289 3102 3553 3161 ratione:

275 3221 570 3293 tectosque
638 3220 895 3277 homines
949 3231 1187 3292 utroque
1250 3220 1473 3277 vivendi
1531 3219 1701 3278 modo
1747 3220 1867 3278 suis
1968 3214 2276 3275 secundum
2316 3213 2500 3286 potius
2553 3218 2644 3268 est
2687 3204 3093 3281 expetendum.
3138 3200 3558 3273 conjungamus

282 3312 677 3387 pulcherrimis
702 3312 921 3385 legibus
945 3310 1330 3384 institutisque
1363 3311 1597 3371 reddere
1629 3323 1738 3369 tam
1773 3328 1869 3370 na-

281 3415 420 3463 turae
453 3421 618 3478 quam
660 3403 856 3477 opifici
881 3420 986 3464 suo
1041 3414 1298 3472 conatur,
1356 3403 1718 3463 vehementer
1755 3404 1871 3476 pla·

283 3509 376 3557 cet
409 3515 426 3556 ε
458 3514 622 3571 quem
660 3498 902 3570 denique
931 3509 1131 3572 praeter
1158 3498 1503 3555 honestatem
1529 3498 1757 3554 omnino
1784 3512 1874 3553 sa-

280 3592 613 3665 pientiaeque
633 3591 812 3647 studia
834 3590 970 3647 nibil
991 3590 1233 3647 delectat
1255 3607 1271 3646 ι
1294 3590 1427 3662 quid
1445 3604 1577 3662 erga
1592 3598 1646 3646 te
1669 3587 1870 3647 faciam

282 3699 473 3759 quaiso
494 3683 628 3756 quid
646 3699 804 3756 agam
830 3699 846 3739 ε
876 3682 1025 3755 quod
1044 3682 1114 3739 ad
1143 3691 1409 3754 utrosque
1429 3696 1531 3739 nos
1556 3694 1872 3739 accommo-

284 3774 633 3832 datissimum
657 3774 828 3831 fuerit
855 3791 873 3830 ε
903 3781 1021 3830 ιιιιιι
1061 3774 1327 3841 instante,
1367 3780 1597 3845 urgente
1624 3766 1871 3841 compel-

284 3864 550 3938 lenteque
575 3879 765 3923 amore
801 3882 818 3920 t
854 3878 969 3920 tum
995 3864 1255 3920 instituto
1283 3863 1413 3919 vitae
1443 3862 1678 3935 perinde
1706 3868 1873 3932 atque

285 3965 485 4012 natura
547 3966 828 4021 movente.
855 3965 914 4011 et
944 3953 1119 4011 veluti
1168 3964 1324 4010 reeta
1365 3952 1580 4009 ratione
1619 3949 1873 4025 jubente.

287 4047 482 4106 Nonne
517 4049 570 4104 id
619 4063 783 4104 omne
822 4048 970 4118 quod
1003 4047 1230 4103 affectas
1266 4045 1430 4104 modo
1453 4044 1615 4101 nobis
1643 4044 1879 4101 facultas

290 4141 438 4198 adsit
475 4160 490 4198 ε
518 4151 580 4197 ιιι
611 4156 720 4198 non
777 4141 949 4214 inepti
974 4140 1279 4201 videamur.
1307 4154 1420 4195 non
1446 4137 1621 4211 ignari
1658 4135 1881 4210 penitus
1916 4133 1922 4138 ’

290 4230 545 4300 rationis,
574 4230 680 4287 alia
718 4232 928 4303 quavis
976 4229 1279 4289 offerentes
1329 4245 1439 4287 non
1469 4244 1536 4287 ea
1566 4229 1773 4302 quibus
1793 4237 1881 4286 est

290 4340 455 4397 opns.
478 4324 674 4381 Nonne
703 4322 759 4380 id
791 4338 958 4380 omne
980 4321 1130 4395 qnod
1174 4322 1246 4378 ad
1275 4331 1591 4393 exoptatum
1637 4318 1881 4377 hominis

1970 3324 2073 3368 nos
2095 3323 2160 3365 ea
2190 3321 2314 3379 quae
2340 3300 2725 3379 conjungenda
2754 3302 2983 3359 omnino
3015 3302 3168 3360 sunt,
3200 3305 3314 3348 non
3340 3303 3410 3346 ea
3436 3298 3560 3358 quat

1970 3403 2092 3460 sine
2126 3400 2398 3458 dedecore
2434 3412 2539 3455 suo
2581 3399 2769 3467 potest
2804 3402 3050 3462 unquam
3090 3384 3441 3458 eoi-Jungere.
3463 3390 3561 3433 ne·

1972 3511 2087 3560 mo,
2120 3508 2185 3551 ac
2213 3489 2540 3564 sapientiam
2572 3486 2645 3545 ab
2668 3483 2967 3559 elegantia,
3009 3481 3202 3550 lepore
3244 3475 3562 3529 venustate·

1973 3599 2083 3660 que
2111 3582 2409 3641 verborum
2442 3577 2828 3649 orationisque
2875 3588 2987 3630 non
3019 3579 3368 3641 separemus.
3407 3561 3560 3619 lianc

1974 3680 2142 3753 igitur
2167 3690 2395 3749 operam
2421 3674 2541 3747 ipse
2586 3684 2709 3730 mea
2746 3664 3021 3728 sentenia
3050 3678 3163 3720 non
3182 3660 3559 3720 inhonestam,

1976 3786 2086 3830 non
2134 3768 2414 3832 inutilem,
2440 3779 2553 3823 nou
2603 3758 2986 3838 injucundam,
3038 3770 3149 3812 non
3202 3767 3235 3809 a
3279 3746 3560 3806 cunimuni

1976 3870 2169 3921 nostro
2200 3858 2489 3934 proposito
2516 3874 2531 3913 ε
2559 3871 2671 3914 non
2687 3868 2719 3912 a
2744 3860 2936 3911 mutua
2961 3858 3149 3907 nostra
3178 3837 3566 3901 benevolentia

1976 3953 2340 4012 dissidentem
2368 3966 2435 4007 ac
2470 3948 2869 4008 abhorrentem
2905 3960 2922 3999 ε
2953 3938 3192 3998 dandam
3235 3948 3363 3993 esse
3404 3928 3566 4004 qnasi

1976 4049 2102 4121 lege
2132 4043 2373 4119 quadam
2414 4041 2696 4101 assiduam
2745 4052 2780 4096 a
2811 4052 2904 4094 me
2956 4032 3059 4091 tibi
3108 4030 3569 4102 frequentemque

1979 4140 2201 4211 censui,
2229 4135 2401 4196 statui
2431 4131 2678 4197 delinivi,
2708 4141 2877 4203 atque
2913 4128 3079 4193 adeo,
3108 4133 3173 4181 ut
3200 4121 3308 4178 nisi
3353 4125 3569 4175 natura

1982 4232 2359 4297 necessitudo,
2401 4229 2552 4288 nulla
2589 4227 2678 4284 vis
2714 4238 2839 4283 eam
2892 4220 3057 4281 nobis
3082 4217 3330 4276 adimere
3365 4210 3566 4286 pessit.

1981 4326 2116 4397 Quae
2142 4340 2269 4382 cum
2298 4322 2376 4380 ita
2400 4321 2538 4386 sint,
2566 4332 2709 4390 opus
2726 4312 3048 4374 Aristotelis
3067 4310 3139 4368 de
3169 4306 3375 4369 anima.
3395 4297 3569 4358 veluti

294 4422 460 4476 finem
503 4418 664 4474 facile
689 4416 1144 4489 consequendum
1169 4415 1270 4473 tibi
1294 4415 1607 4473 conducere
1650 4422 1830 4487 potest
1860 4429 1876 4470 t
1911 4402 1958 4461 ὓ
1987 4429 2192 4476 nostrat
2218 4413 2517 4490 quamdam
2546 4425 2729 4483 operae
2769 4415 3010 4481 partem,
3037 4398 3352 4475 ⁶¹28⁸¹¹⁸3¹⁸⁸
3376 4395 3570 4453 “mma

293 4512 363 4567 ad
403 4526 571 4582 quem
614 4510 728 4579 jam
772 4510 891 4581 ipse
936 4518 1052 4567 toto
1092 4510 1280 4567 studio
1323 4517 1638 4581 conatuque
1678 4510 1879 4581 pergis.

295 4601 634 4659 Succuzrere
671 4615 840 4673 porro
878 4600 1065 4674 quoad
1113 4601 1262 4657 vires
1292 4599 1427 4655 mihi
1477 4598 1882 4671 suppeditante

297 4694 734 4769 praelat-issimis
774 4708 842 4751 ae
870 4692 1282 4752 honestissimis
1329 4693 1440 4749 tuis
1464 4692 1670 4748 studiis
1699 4708 1716 4747 ε
1752 4707 1885 4765 ope·

302 4802 530 4858 samque
566 4786 668 4847 tihi
699 4787 833 4843 darc
855 4787 1205 4857 frequentem
1254 4801 1271 4841 τ
1313 4785 1533 4842 caetcris
1578 4786 1747 4843 rebus
1784 4799 1887 4841 ne-

305 4880 686 4954 glectisatqne
709 4878 1041 4950 posthabitis
1065 4896 1080 4932 t
1105 4894 1287 4950 opera
1310 4880 1546 4949 pretium
1566 4893 1690 4935 csse
1711 4876 1845 4934 duxi
1868 4894 1884 4933 t

302 4983 470 5044 atque
512 4972 610 5027 tibi
649 4971 771 5026 vias
817 4972 1133 5041 itineraque
1185 4970 1392 5041 quibus
1444 4970 1513 5024 ad
1561 4968 1886 5025 felicitatem

306 5065 602 5122 humanam
634 5064 1140 5134 beatitudinemque
1162 5071 1310 5117 recta
1337 5061 1610 5134 pergitur,
1652 5061 1890 5118 demon-

307 5157 536 5217 stranda
557 5172 680 5213 esse
707 5158 919 5226 putavi.
946 5154 1158 5210 ‘fecum
1181 5168 1291 5210 una
1323 5155 1457 5209 mihi
1479 5153 1744 5223 legendos
1762 5168 1889 5210 esse

312 5251 617 5321 scriptores
677 5256 733 5304 et
769 5259 1024 5304 auctores
1074 5245 1346 5303 bonarum
1387 5245 1593 5301 artium
1632 5244 1890 5319 pervolu-

309 5341 622 5413 tandosquc
652 5339 868 5395 censui.
900 5339 1248 5394 Evocandam
1287 5337 1344 5393 in
1384 5338 1559 5393 iucem
1596 5351 1722 5395 esse
1741 5337 1889 5395 veri·

312 5443 483 5491 tatem
523 5436 579 5490 in
618 5432 726 5491 illis
765 5432 1038 5487 inclusam
1080 5430 1672 5507 omnem-existimavi.
1707 5430 1893 5489 Disse-

315 5526 472 5584 rendi
512 5526 751 5597 denique
783 5526 1061 5582 facultatis
1097 5526 1367 5581 formulas
1406 5539 1472 5581 ae
1519 5526 1894 5584 rationes'de·

318 5619 638 5691 gustandas.
694 5619 836 5675 baud
887 5616 1297 5689 posthabendas
1348 5632 1473 5674 csse
1535 5616 1882 5690 dijudicavi:

323 5710 444 5767 sine
507 5711 710 5782 quibus
769 5710 1113 5785 investigatio
1175 5709 1425 5770 veritatis
1487 5709 1881 5788 scrccptioqno

1990 4526 2139 4568 nunc
2167 4508 2554 4568 emendatione
2578 4502 2887 4561 limatiusre
2914 4513 3082 4556 eausa
3113 4495 3196 4552 tui
3232 4491 3569 4551 traductum.

1988 4602 2071 4660 uti
2120 4597 2381 4659 materies
2437 4597 2570 4665 fert.
2626 4595 2883 4665 ratioque
2930 4586 3244 4663 pra-scribit
3297 4585 3570 4653 interpre-

1991 4696 2140 4752 tandi
2171 4694 2307 4765 (non
2343 4693 2494 4751 enim
2526 4693 2583 4748 in
2608 4688 2813 4747 talibus
2853 4686 3075 4758 amplus
3112 4692 3346 4751 campus
3371 4687 3575 4731 conee-

1987 4788 2165 4858 ditur)
2197 4785 2410 4859 tibique
2437 4800 2470 4842 a
2514 4782 2680 4842 uobis
2716 4780 2988 4842 oblatum.
3025 4777 3207 4850 legere
3250 4768 3574 4844 aggrediare

1989 4882 2133 4939 bona
2165 4880 2409 4937 fortuna.
2443 4875 2686 4935 Habebis
2710 4881 2769 4931 et
2798 4887 2902 4931 nos
2924 4872 2984 4927 in
3014 4868 3120 4925 hoc
3146 4866 3313 4923 etiam
3337 4859 3574 4935 legendo

1990 4972 2484 5046 percipiendoqne,
2513 4968 2778 5043 quoniam
2812 4966 2887 5022 ita
2920 4960 3198 5019 voluimus
3222 4973 3289 5014 ac
3326 4950 3573 5013 institui·

1991 5078 2135 5132 mus,
2166 5064 2419 5127 comites.
2447 5062 2730 5133 adjutores
2758 5074 2822 5116 ac
2852 5057 3045 5122 duces,
3084 5069 3194 5111 nnn
3226 5051 3413 5124 pigros
3440 5048 3571 5120 qui·

1990 5160 2140 5225 dem,
2163 5174 2274 5215 non
2291 5158 2524 5223 inertes,
2549 5170 2661 5212 non
2684 5166 2902 5227 segnes,
2925 5150 3019 5207 sed
3049 5146 3116 5204 ad
3141 5162 3362 5204 omnem
3390 5156 3573 5217 prom-

1990 5248 2272 5323 ptissimos
2309 5245 2661 5304 subeundum
2708 5243 2982 5304 laborem,
3036 5238 3251 5295 fructus
3318 5235 3478 5302 cuius
3523 5232 3573 5284 is

1990 5338 2421 5413 consequentius
2468 5346 2558 5395 est
2605 5337 2703 5392 tibi
2745 5334 2909 5400 linis,
2954 5332 3027 5388 ob
3062 5346 3229 5405 quem
3277 5337 3473 5383 natura
3515 5329 3572 5373 te

1992 5430 2343 5507 procreavit,
2387 5429 2685 5503 opifexque
2724 5443 2913 5484 rerum
2962 5425 3107 5482 Deus
3156 5433 3236 5480 tot
3292 5412 3570 5481 tantisque

1991 5526 2212 5584 viribus
2256 5522 2723 5594 facultatibusque
2771 5518 3185 5577 condecoravit.
3238 5508 3367 5567 vnto
3416 5502 3572 5574 Plus·
3617 5579 3626 5586 ,

1998 5634 2165 5692 quam
2194 5618 2485 5675 dimidium
2514 5617 2685 5674 animi
2720 5616 2852 5683 mei,
2887 5615 2963 5673 et'
2993 5613 3090 5671 tibi
3127 5598 3401 5680 persuade
3429 5607 3465 5650 ιι

1993 5723 2048 5774 te
2078 5711 2389 5773 chariorem
2416 5711 2689 5775 neminem
2718 5725 2858 5769 csse.
