3775 6117
258 347 298 415 5
1299 346 1518 411 som.
1553 348 2016 413 LEuxcLAvn
2058 348 2483 416 vitssFA'rtO.
3484 344 3522 412 6

253 447 493 547 potius,
528 480 720 544 quani
755 463 1078 524 seniorem
1105 478 1180 525 ae
1209 462 1605 541 magistrum,
1651 460 1952 541 discipuli
1986 469 2099 526 aut
2124 463 2312 527 amici
2345 462 2599 543 juvenis
2638 461 2835 543 gratia
2881 479 3047 547 opus
3095 463 3248 528 illud
3300 464 3523 529 eluen-

249 565 538 627 brantem
596 560 956 639 designant.
1017 560 1252 621 Praeter
1312 559 1590 621 Annales
1644 558 1972 641 scripsisse
2035 560 2523 623 Dissertationes
2583 558 2965 641 theologicus
3018 580 3097 625 ex
3170 562 3525 643 specimine

249 661 519 726 Pontani
569 659 772 723 nosti-i
832 675 1034 741 opera
1089 657 1266 721 edito
1326 654 1558 731 didici;
1602 655 1922 738 Epistolas
1970 672 2231 737 quoque
2270 656 2343 720 V.
2386 658 2452 719 C.
2510 658 2636 721 Leo
2683 657 2950 723 Allatius
3000 659 3310 739 adiungit,
3367 677 3529 741 quas

250 759 542 825 nondum
584 758 737 823 vidi.
768 749 1008 821 Ca'itera
1043 755 1126 820 de
1152 770 1233 819 eo
1277 753 1433 818 mihi
1472 754 1688 835 ignota
1740 753 2065 837 profiteor.
2126 755 2264 818 Hoc
2311 763 2487 819 certe
2534 754 2935 838 exploratum
2983 757 3273 820 studiisa
3327 773 3528 838 puero

248 856 535 923 deditum
572 855 798 930 luisse,
833 862 1124 934 φιλόπονον
1161 861 1258 917 καὶ
1313 861 1629 932 φιλομαθῆ,
1672 851 1786 934 qui
1813 859 1902 915 tot
1931 859 2191 933 tamque
2222 854 2452 926 varios,
2477 870 2695 917 sacros
2722 853 3159 938 profanosque
3184 854 3529 936 scriptores

250 953 594 1030 evolverit,
653 970 733 1017 ex
786 968 1010 1016 eorum
1057 950 1366 1033 operibus
1424 949 1693 1014 illustria
1744 965 2019 1032 qumque
2068 950 2478 1033 excerpserit,
2530 952 2826 1035 miroque
2874 954 3142 1018 artiilcio
3213 952 3281 1017 in
3340 954 3531 1019 unius

249 1052 557 1117 orationis
594 1052 829 1116 seriem
868 1046 1235 1116 contulerit.

325 1156 416 1218 Ad
452 1155 742 1219 Graicum
777 1150 1124 1216 Annalium
1154 1159 1396 1216 textum
1425 1154 1600 1235 quod
1631 1156 1902 1233 spectat,
1930 1150 2107 1215 illum
2136 1169 2212 1215 ex
2245 1152 2496 1217 duobus
2531 1152 3001 1217 Claromontaiii
3044 1152 3244 1217 nostri
3274 1151 3531 1233 collegii

245 1252 729 1335 exemplaribus
762 1249 1259 1315 describendum
1290 1250 1530 1325 curavi,
1561 1265 1920 1330 eorumque
1957 1248 2215 1314 lacunas
2246 1249 2647 1313 librariorum
2686 1249 2914 1315 fraude
2956 1257 3065 1316 aut
3093 1250 3340 1315 incuria
3392 1251 3527 1313 sre-

247 1357 561 1431 quentes,
595 1348 825 1431 partim
857 1365 934 1411 ex
969 1345 1549 1411 Fontisebraldensi
1594 1346 1820 1411 codice
1870 1363 1908 1410 a
1954 1346 2304 1410 celsissima
2350 1347 2642 1429 principe
2673 1348 2832 1412 sacri
2888 1348 3065 1411 illius
3111 1347 3531 1431 parthenonis

246 1447 523 1510 antistita
563 1444 872 1527 generali,
902 1446 1147 1509 Joanna
1182 1444 1531 1526 Baptistide
1560 1444 1902 1521 Borbonia,
1954 1441 2109 1508 mihi
2145 1444 2599 1509 humanissime
2640 1444 3133 1518 communicato,
3184 1446 3415 1528 partim
3451 1461 3532 1507 ex

248 1542 584 1607 submissis
613 1540 816 1607 Roma
851 1539 1277 1616 vallicellani,
1311 1556 1386 1605 ac
1415 1539 1752 1606 Monaehio
1781 1540 2229 1606 Bavaricorum
2282 1541 2577 1607 codicum
2623 1542 2927 1606 subsidiis
2962 1543 2999 1607 a
3049 1540 3178 1606 vV.
3212 1545 3325 1605 CC.
3367 1544 3532 1607 Luca

248 1640 581 1705 llolstenio
617 1647 683 1703 et
711 1641 974 1704 Simone
1007 1638 1475 1720 Wagnereehio
1513 1640 1578 1702 S.
1620 1642 1676 1702 J.
1708 1640 1777 1703 P.
1813 1638 2113 1704 subsidiis
2139 1638 2460 1722 supplevi,
2494 1640 2804 1705 variantes
2873 1639 3183 1707 lectiones
3237 1641 3532 1724 ascripsi,

255 1738 609 1803 Leunclavii
666 1737 1260 1817 interpretationem
1312 1737 1378 1799 iii
1422 1736 1751 1818 plerisque
1797 1736 2155 1811 emendavi,
2209 1735 2464 1819 aliaque
2507 1738 2771 1819 insuper
2824 1738 3050 1820 adjeci,
3098 1755 3242 1821 quai
3273 1756 3349 1803 et
3401 1737 3533 1803 Ad-

253 1837 681 1903 notationibus
708 1835 1110 1901 commodius
1140 1842 1535 1919 repetentur.

329 1940 541 2006 Unum
570 1947 784 2005 tamen
813 1938 919 2005 hic
968 1943 1264 2005 omittere
1295 1939 1575 2024 nequeo,
1605 1942 1922 2007 Ioannem
1950 1941 2319 2017 ueni-stum,
2374 1940 2721 2007 delibatum
2750 1960 2829 2006 ex
2859 1944 3041 2008 Parte
3078 1962 3146 2008 iii
3187 1945 3534 2009 Annalium

251 2037 454 2103 nostri
483 2036 697 2120 Glycin
722 2046 1046 2119 τιυμάχων,
1092 2054 1129 2102 a
1183 2036 1353 2102 Julio
1408 2039 1649 2104 cesare
1684 2040 1764 2103 ad
1817 2038 2298 2104 Constantinum
2344 2039 2667 2120 Magnum,
2714 2040 2934 2106 Graece
2986 2059 3062 2105 ae
3109 2041 3323 2107 Latine
3372 2046 3535 2126 Lug·

251 2134 412 2200 duni
451 2137 826 2201 Batavorum
862 2135 1172 2209 edidisse,
1203 2142 1270 2199 et
1294 2134 1638 2200 Theodoro
1666 2135 2029 2203 Retoehitoe
2061 2134 2225 2200 falso
2252 2135 2581 2213 tribuisse,
2610 2136 2853 2228 ‚additis
2902 2137 3203 2203 brevibus
3256 2140 3437 2204 Notis
3469 2150 3536 2205 et

254 2232 602 2317 Nicephori
644 2233 950 2313 Gregoroe
1005 2232 1211 2297 naenia
1261 2249 1276 2293 ε
1326 2249 1478 2313 quai
1521 2235 1657 2298 suis
1705 2232 1867 2300 locis
1918 2234 2203 2300 inserere
2253 2249 2386 2298 non
2434 2233 2743 2312 dubitavi,
2793 2242 2865 2300 ut
2921 2236 3084 2301 nihil
3137 2255 3400 2303 necesse
3454 2240 3537 2304 sit

255 2331 482 2397 iterum
539 2328 740 2416 praelo
769 2329 1095 2400 subiicere
1153 2330 1507 2394 Romanam
1592 2329 1789 2409 illam,
1841 2338 1913 2397 ut
1944 2331 2252 2415 appellat,
2309 2326 2678 2398 Historiam.
2730 2336 3006 2399 ‘rantum
3069 2341 3132 2398 te
3205 2338 3532 2415 morabor,

256 2427 506 2495 erudite
554 2426 782 2492 lector.
817 2426 998 2509 Vale,
1029 2433 1095 2492 et
1121 2425 1298 2509 quod
1347 2425 1532 2506 facis,
1577 2428 1810 2494 studiis
1855 2431 2100 2498 nostris
2137 2426 2356 2493 favere
2407 2444 2627 2511 perge.

3168 2646 3496 2669 *-

1253 2812 1465 2933 JO.
1606 2809 2478 2931 LEUNCLAVll

258 3038 368 3105 Ab
404 3036 895 3106 GENEROSUM
938 3038 1046 3102 ET
1082 3032 1395 3100 iLLtisT.
1445 3030 1732 3109 vinum,
1783 3032 2167 3100 JOANNEH
2222 2981 2617 3100 BARONEM
2658 3035 3212 3109 nuncianum.
3255 3038 3532 3106 ettam

455 3146 561 3212 AC
594 3138 1081 3209 nnssncaviffi
1123 3135 1537 3215 neutum«,
1577 3136 1661 3202 m
1703 3136 2079 3204 ANNALBS
2116 3136 2410 3205 GLYCAE
2452 3138 2805 3206 munos
2835 3139 3368 3208 Pitumnum„

333 3450 444 3516 Est
471 3448 539 3514 in
563 3448 804 3515 familia
838 3447 1103 3516 casaris
1130 3447 1355 3524 nostri,
1390 3445 1690 3540 Domine,
1715 3449 1811 3511 vir
1840 3454 2150 3530 prostans
2195 3450 2483 3532 ingenio,
2534 3455 2928 3548 cognitionis
2956 3457 3280 3534 varietate,
3326 3478 3537 3529 rerum

257 3547 404 3611 usu,
433 3538 497 3595 et
542 3531 774 3593 virtute
823 3528 1292 3611 propemodum
1325 3528 1660 3608 singulari,
1709 3527 2063 3593 Sambueus
2107 3529 2218 3595 ille
2263 3547 2447 3595 meus
2481 3554 2499 3595 t
2538 3552 2723 3616 cujus
2772 3552 2896 3615 ego
2941 3535 3315 3618 frequenter
3364 3546 3539 3623 apud

260 3612 525 3687 amicos,
579 3614 646 3674 et
685 3607 977 3690 jucunde
1040 3607 1329 3689 quidem,
1386 3606 1711 3698 recordari
1767 3606 1966 3671 soleo.
2034 3610 2193 3673 Nam
2249 3610 2330 3674 iis
2373 3611 2655 3691 dotibus,
2697 3632 2890 3697 supra
2927 3617 3294 3697 complures
3348 3617 3539 3704 hujus

258 3692 460 3755 rotatis
487 3704 570 3753 ex
593 3686 885 3752 doctrina
914 3689 1119 3751 claros
1151 3684 1473 3777 homines,
1503 3686 1809 3749 divinitus
1834 3695 1937 3777 est
1964 3696 2335 3764 exornatus,
2367 3697 2438 3755 iit
2474 3691 2643 3757 iuter
2667 3710 2786 3759 nos
2804 3695 2937 3775 jam
2966 3696 3048 3760 ab
3074 3698 3261 3760 annis
3290 3700 3539 3781 aliquot

248 3767 598 3837 amicitiam
631 3782 762 3830 non
808 3766 1129 3847 vulgarem
1177 3781 1429 3840 civisse,
1473 3779 1617 3856 ,non
1660 3780 1740 3827 ex
1790 3779 2008 3829 ammo
2056 3766 2367 3846 gaudeam
2425 3773 2660 3849 solum,
2697 3791 2912 3838 verum
2963 3775 3152 3838 etiam
3202 3778 3267 3839 in
3322 3778 3539 3861 aliqua

263 3847 587 3915 felicitatis
618 3854 794 3927 parte
823 3860 1086 3928 ponam.
1113 3846 1241 3906 Cur
1268 3842 1444 3907 enim
1468 3844 1654 3907 illum
1682 3841 2015 3907 hominem
2050 3861 2180 3910 non
2214 3849 2470 3915 maximi
2493 3851 2745 3928 faciam,
2768 3853 2880 3936 qui
2908 3854 3243 3934 publicatis
3262 3863 3539 3938 egregiis

263 3925 507 4008 ingenii
542 3925 998 4000 monumentis,
1028 3922 1430 4015 emblematis
1456 3923 1729 3986 solerter
1761 3922 2163 4014 excogitatis,
2198 3934 2261 3990 et
2295 3944 2410 4009 per
2438 3938 2663 4010 arguta
2704 3933 2996 4015 quodam
3054 3934 3286 4012 idyllia.
3322 3938 3538 4006 decia,

264 4008 437 4082 ratis,
485 4002 858 4070 Dioscorida
905 4009 1177 4085 purgato
1225 4010 1290 4065 et
1338 3999 1682 4091 illustrato,
1736 4009 2114 4092 varietatum
2156 4004 2334 4070 libris
2373 4025 2503 4073 non
2555 4010 2683 4073 illis
2732 4013 2997 4091 quidem
3052 4014 3263 4080 adliuc
3321 4020 3535 4098 editis,

264 4088 376 4152 sed
417 4102 536 4151 suo
569 4091 779 4147 tamen
808 4089 1102 4163 tempore
1127 4078 1561 4163 proferendis,
1586 4096 1814 4145 omnes
1842 4097 1911 4145 in
1939 4082 2425 4152 admirationem
2455 4089 2555 4153 sui
2583 4090 2793 4171 rapit?
2826 4092 2919 4155 Ne
2954 4093 3186 4168 dicam,
3221 4109 3536 4178 quantum

264 4167 335 4231 in
364 4182 444 4231 eo
476 4163 681 4231 laudis
719 4170 1042 4254 mereatur
1094 4159 1599 4252 pervestigandae
1651 4160 2044 4253 antiqui-tatis
2090 4162 2480 4233 indefessum
2530 4186 2685 4233 sane
2726 4172 3030 4246 studium,
3066 4191 3195 4256 quo
3234 4195 3363 4241 nou
3395 4181 3539 4245 sinu

268 4246 513 4327 magnis
537 4245 844 4326 impensis
875 4250 965 4306 tot
994 4256 1310 4331 rarissima
1342 4255 1706 4333 priscorum·
1730 4249 2107 4332 numismata
2136 4247 2544 4327 conquisivit,
2574 4256 2666 4315 tot
2695 4251 2965 4314 eximios
3002 4254 3068 4317 in
3113 4260 3286 4319 omni
3334 4259 3536 4326 disci-

267 4326 588 4409 plinarum
618 4340 853 4405 genere
881 4321 1081 4385 libros
1109 4319 1190 4384 ab
1217 4325 1480 4384 interitu
1536 4318 1922 4409 vindicavit:
1955 4339 2117 4401 quos
2162 4325 2183 4388 i
2233 4342 2341 4390 sos
2393 4326 2662 4392 tiliorum
2705 4333 3131 4411 quorumdam
3180 4335 3538 4407 invidorum

268 4422 446 4471 more
477 4422 608 4469 non
643 4405 810 4467 intra
840 4417 1130 4466 carceres
1170 4404 1721 4492 &septa-privata
1751 4409 2055 4492 coercet,-
2082 4419 2151 4467 se
2235 4406 2451 4471 aiiimo
2501 4406 2737 4472 libente
2787 4411 2954 4489 (quai
2982 4413 3096 4477 viri
3144 4414 3538 4490 pei-immam

265 4484 624 4565 benignitas
655 4493 717 4546 et
751 4480 1162 4571 memoranda
1225 4476 1722 4569 liberalitasest)
1758 4496 1907 4542 cum
1946 4482 2259 4546 universis
2287 4488 2738 4552 communicat.
2790 4490 2924 4552 [mo
2954 4508 3084 4555 non
3127 4493 3263 4567 ipse
3296 4505 3538 4563 tantum

265 4565 349 4629 iis
378 4562 781 4646 expoliendis
809 4569 875 4625 et
900 4562 981 4624 ad
1010 4558 1314 4623 editionis
1371 4564 1792 4647 maturitatem
1824 4558 2253 4641 perducendis
2278 4563 2611 4638 incumbit,
2648 4575 2715 4630 iit
2744 4568 3059 4649 publicam
3087 4572 3169 4634 ad
3202 4576 3537 4642 utilitatem

267 4644 339 4707 in
369 4644 648 4708 medium
683 4642 991 4725 prodeant
1023 4662 1043 4702 z
1071 4638 1187 4702 sed
1216 4639 1408 4702 etiam
1457 4636 1598 4700 aliis
1628 4637 1943 4728 pleraque
1991 4640 2163 4730 velut
2234 4645 2627 4709 extrudenda
2667 4648 2879 4717 mittit,
2918 4667 2997 4710 ne
3029 4654 3205 4730 qnod
3246 4664 3535 4721 nostrum

269 4723 511 4785 scilieet
560 4724 970 4785 commodum
1004 4723 1381 4807 remoretur,
1433 4716 1585 4778 dum
1623 4732 1766 4797 ipse
1810 4719 2207 4807 gravioribus
2246 4725 2418 4786 curis
2466 4733 2530 4787 et
2579 4728 3110 4807 occupationibus
3164 4734 3534 4813 impeditus,

274 4804 590 4864 bonorum
617 4799 962 4875 desiderio,
991 4798 1304 4884 thesauris
1351 4797 1540 4875 longe
1594 4795 2014 4861 ›ulcherrimis
2041 4816 2121 4862 ex
2167 4801 2439 4881 caligine
2481 4807 2900 4885 quarumdam
2939 4810 3118 4885 quasi
3153 4809 3535 4879 latebrarum

276 4878 598 4957 eruendis,
627 4879 991 4969 satisfacere
1031 4882 1276 4956 nequit.
1319 4880 1520 4963 Atque
1567 4814 1757 4969 huj‘us
1793 4892 1947 4968 saue
1980 4888 2103 4940 tam
2144 4883 2373 4968 sancti,
2420 4890 2543 4945 tam
2600 4885 2933 4948 laudabilis
2980 4887 3248 4953 instituti
3287 4891 3537 4959 fruetus

276 4957 705 5040 amplissimos
740 4962 1035 5038 percipit,
1063 4956 1215 5018 dum
1257 4960 1323 5019 et
1350 4971 1386 5018 a
1436 4954 1724 5017 litteratis
1769 4955 2014 5037 ubique
2042 4966 2325 5034 gentium
2367 4978 2438 5023 se
2493 4961 2620 5025 coli
2652 4971 2843 5043 atque
2888 4966 3208 5031 observat-i
3239 4971 3426 5043 videt,
3468 4986 3536 5038 et

275 5039 344 5103 in
373 5053 748 5117 magnorum
787 5035 1259 5113 illustriumque
1295 5034 1572 5096 virorum
1607 5033 1807 5111 gratia
1857 5044 2136 5099 suaviter
2174 5040 2546 5118 acquiescit.
2597 5044 2803 5105 Caesiir
2832 5046 3119 5124 quictem,
3169 5066 3289 5113 ceu
3322 5052 3532 5116 l'liitfl-

278 5116 556 5198 delphus
579 5114 762 5189 alter,
795 5115 1066 5179 alterum
1113 5111 1458 5191 quemdam
1499 5111 1887 5176 Demetrium
1934 5113 2305 5178 Phalereum
2352 5119 2756 5184 bibliothecas
2804 5125 3103 5203 proet‘ccit,
3136 5146 3208 5190 ac
3250 5129 3533 5196 historici

281 5214 516 5263 munus
544 5196 605 5260 ei
657 5193 977 5259 mandavit
1025 5214 1043 5255 ε
1101 5208 1272 5282 quas·
1307 5190 1386 5254 ad
1447 5208 1557 5281 res·
1605 5209 1796 5283 quem
1843 5191 2037 5255 alium
2094 5195 2292 5272 magis
2335 5197 2638 5263 idoneum
2690 5205 3028 5283 reperiret,
3067 5208 3365 5287 equidem
3401 5230 3532 5274 iioii

278 5279 491 5342 video.
529 5278 659 5341 Nec
691 5282 809 5348 est,
847 5291 963 5337 cur
995 5270 1134 5366 ejus
1162 5286 1278 5361 'sm
1330 5268 1621 5342 consilia,
1679 5289 1790 5360 qui
1841 5272 2269 5363 universitatis
2314 5276 2659 5352 historiam,
2708 5298 2853 5343 cuin
2893 5302 3197 5348 variarum
3248 5288 3530 5365 discipli-

280 5376 505 5422 narum
541 5356 834 5428 scientia,
868 5351 1292 5443 tani-teimau·
1318 5349 1689 5439 complexus
1725 5366 1802 5412 sii
1836 5367 2076 5425 animo,
2115 5356 2404 5419 maximis
2436 5361 2500 5420 in
2540 5363 2882 5425 momentis
2912 5382 3119 5428 rerum
3148 5365 3231 5428 ab
3257 5376 3528 5446 augusto

281 5436 883 5519 sapientissimeque
926 5445 1222 5514 principe
1251 5436 1314 5491 et
1349 5445 1588 5519 requiri
1619 5429 1914 5500 libenter,
1945 5437 2007 5492 et
2036 5450 2423 5517 magnopere
2481 5437 2733 5519 probari
2765 5440 3072 5509 dubitem,
3118 5446 3196 5508 ui
3222 5459 3429 5509 ,mem
3462 5447 3532 5512 m

283 5534 624 5599 exponam,
667 5514 844 5595 quod
889 5511 995 5575 bic
1043 5510 1222 5572 locus
1269 5515 1333 5600 et
1396 5514 1678 5600 instituta
1738 5512 1944 5601 oratio
1992 5517 2266 5592 postulat
2305 5537 2321 5578 ε
2362 5518 2531 5579 misit
2575 5522 2656 5582 ad
2703 5538 2808 5584 iiie
2869 5539 3130 5603 quoque
3179 5527 3530 5591 Sambueus

283 5596 722 5677 superioribus
767 5590 870 5656 his
903 5591 1090 5656 annis
1149 5605 1456 5668 proximis
1493 5586 1658 5677 duos
1708 5588 2031 5653 annalium
2080 5595 2425 5674 scriptores
2470 5599 2747 5672 Graeeos,
2803 5601 3176 5665 Michaelum
3236 5608 3530 5684 Glycam,

288 5682 714 5756 cognomento
747 5672 1054 5746 Siculum,
1101 5678 1167 5731 et
1211 5669 1695 5760 Constantinum
1751 5670 2106 5734 Manassem
2160 5695 2175 5731 ι
2216 5692 2488 5755 quorum
2539 5685 2881 5759 utrumque
2936 5682 3222 5742 utinum
3274 5685 3335 5745 i„
3393 5703 3532 5747 scr-

291 5771 543 5817 monem
569 5760 1029 5824 converterem,
1067 5766 1144 5812 ac
1191 5747 1427 5831 publici
1460 5765 1627 5829 juris
1678 5749 1974 5812 teretem.
2021 5752 2192 5814 Solet
2245 5755 2414 5817 eiiiiii
2464 5767 2711 5837 putare,
2760 5766 3002 5820 nostras
3034 5758 3131 5837 (ut
3158 5777 3320 5820 eum
3347 5771 3572 5835 §xxx-„xx
3679 5807 3692 5814 .

289 5834 536 5917 loquar)
563 5850 701 5899 esse
734 5831 978 5914 aliquid
1007 5844 1204 5909 nugas
1241 5852 1256 5890 ι
1289 5826 1411 5893 hoc
1445 5836 1566 5905 est,
1597 5843 1736 5891 eam
1776 5844 1896 5894 uos
1936 5830 2169 5913 line-ute
2224 5834 2463 5903 Graecae.
2489 5837 2946 5902 eutitii-&meets
2977 5842 3400 5898 emisi—,eumz
3421 5847 3627 5891 mss-e„
